
@book{spong2005robot,
  title={Robot Modeling and Control},
  author={Spong, M.W. and Hutchinson, S. and Vidyasagar, M.},
  year={2005},
  publisher={Wiley}
}
